<record xmlns='http://www.loc.gov/MARC21/slim'><leader>01902cem a2200457Ki 4500</leader><controlfield tag='001'>a10499799</controlfield><controlfield tag='003'>SIRSI</controlfield><controlfield tag='005'>20170812050002.0</controlfield><controlfield tag='007'>aj canzn</controlfield><controlfield tag='008'>140829q18681912ja        a     0   jpn d</controlfield><datafield ind1=' ' ind2=' ' tag='040'><subfield code='a'>STF</subfield><subfield code='b'>eng</subfield><subfield code='e'>rda</subfield><subfield code='c'>STF</subfield><subfield code='d'>OCLCF</subfield><subfield code='d'>STF</subfield></datafield><datafield ind1=' ' ind2=' ' tag='035'><subfield code='a'>(OCoLC)889606005</subfield></datafield><datafield ind1=' ' ind2=' ' tag='049'><subfield code='a'>STFA</subfield></datafield><datafield ind1='0' ind2='0' tag='245'><subfield code='6'>880-01</subfield><subfield code='a'>Mogami-gun Hijiori onsenzu.</subfield></datafield><datafield ind1='3' ind2=' ' tag='246'><subfield code='a'>Mogami-gun Hijiori onsen zu</subfield></datafield><datafield ind1=' ' ind2=' ' tag='255'><subfield code='a'>Scale not given.</subfield></datafield><datafield ind1=' ' ind2='1' tag='264'><subfield code='6'>880-02</subfield><subfield code='a'>Tōkyō Nihonbashi-ku :</subfield><subfield code='b'>Wataru Ichibē,</subfield><subfield code='c'>[not after 1912]</subfield></datafield><datafield ind1=' ' ind2=' ' tag='300'><subfield code='a'>1 map :</subfield><subfield code='b'>woodcuts, color ;</subfield><subfield code='c'>36 x 36 cm., on sheet 38 x 52 cm</subfield></datafield><datafield ind1=' ' ind2=' ' tag='336'><subfield code='a'>cartographic image</subfield><subfield code='b'>cri</subfield><subfield code='2'>rdacontent</subfield></datafield><datafield ind1=' ' ind2=' ' tag='337'><subfield code='a'>unmediated</subfield><subfield code='b'>n</subfield><subfield code='2'>rdamedia</subfield></datafield><datafield ind1=' ' ind2=' ' tag='338'><subfield code='a'>sheet</subfield><subfield code='b'>nb</subfield><subfield code='2'>rdacarrier</subfield></datafield><datafield ind1=' ' ind2=' ' tag='500'><subfield code='a'>Bird&apos;s-eye view.</subfield></datafield><datafield ind1=' ' ind2=' ' tag='500'><subfield code='a'>Woodblock print.</subfield></datafield><datafield ind1=' ' ind2=' ' tag='500'><subfield code='a'>Includes list of health benefits of Hijiori onsen.</subfield></datafield><datafield ind1=' ' ind2=' ' tag='500'><subfield code='a'>Publication date estimate from dealer description.</subfield></datafield><datafield ind1=' ' ind2='0' tag='650'><subfield code='a'>Hot springs</subfield><subfield code='z'>Japan</subfield><subfield code='z'>Yamagata-ken</subfield><subfield code='v'>Maps.</subfield><subfield code=' '>^A1026014</subfield></datafield><datafield ind1=' ' ind2='7' tag='650'><subfield code='a'>Hot springs.</subfield><subfield code='2'>fast</subfield><subfield code='0'>(OCoLC)fst00961689</subfield></datafield><datafield ind1=' ' ind2='7' tag='651'><subfield code='a'>Japan</subfield><subfield code='z'>Yamagata-ken.</subfield><subfield code='2'>fast</subfield><subfield code='0'>(OCoLC)fst01207868</subfield></datafield><datafield ind1=' ' ind2='7' tag='655'><subfield code='a'>Maps</subfield><subfield code='2'>fast</subfield><subfield code='0'>(OCoLC)fst01423704</subfield><subfield code=' '>^A2950662</subfield></datafield><datafield ind1='1' ind2=' ' tag='700'><subfield code='6'>880-03</subfield><subfield code='a'>Wataru, Ichibē,</subfield><subfield code='e'>printer,</subfield><subfield code='e'>publisher.</subfield><subfield code=' '>UNAUTHORIZED</subfield></datafield><datafield ind1=' ' ind2=' ' tag='916'><subfield code='a'>DATE CATALOGED</subfield><subfield code='b'>20140829</subfield></datafield><datafield ind1=' ' ind2=' ' tag='994'><subfield code='a'>C0</subfield><subfield code='b'>STF</subfield></datafield><datafield ind1=' ' ind2='4' tag='690'><subfield code='a'>Japanese rare materials related to travel.</subfield></datafield><datafield ind1=' ' ind2=' ' tag='035'><subfield code='a'>(OCoLC-M)889606005</subfield></datafield><datafield ind1=' ' ind2=' ' tag='035'><subfield code='a'>(OCoLC-I)889606006</subfield></datafield><datafield ind1=' ' ind2=' ' tag='596'><subfield code='a'>26</subfield></datafield><datafield ind1='0' ind2='0' tag='880'><subfield code='6'>245-01</subfield><subfield code='a'>最上郡肘折温泉圖.</subfield></datafield><datafield ind1=' ' ind2='1' tag='880'><subfield code='6'>264-02</subfield><subfield code='a'>東京日本橋区 :</subfield><subfield code='b'>亘市兵衛,</subfield><subfield code='c'>[not after 1912]</subfield></datafield><datafield ind1='1' ind2=' ' tag='880'><subfield code='6'>700-03</subfield><subfield code='a'>亘市兵衛,</subfield><subfield code='e'>printer,</subfield><subfield code='e'>publisher.</subfield></datafield><datafield ind1='4' ind2='1' tag='856'><subfield code='u'>http://purl.stanford.edu/wf287wt6130</subfield><subfield code='x'>SDR-PURL</subfield><subfield code='x'>item</subfield><subfield code='x'>file:wf287wt6130%2Fwf287wt6130_00_0001.jp2</subfield><subfield code='x'>collection:bf420qj4978::Travel through Time</subfield></datafield><datafield ind1=' ' ind2=' ' tag='999'><subfield code='a'>G7963 .Y3 E635 1912Z .M6 1ST IN BOX</subfield><subfield code='w'>LC</subfield><subfield code='c'>1</subfield><subfield code='i'>36105125934922</subfield><subfield code='l'>LOCKED-STK</subfield><subfield code='m'>EAST-ASIA</subfield><subfield code='r'>Y</subfield><subfield code='s'>Y</subfield><subfield code='t'>LCKSTK</subfield><subfield code='u'>6/25/2014</subfield><subfield code='x'>BW-PARENT</subfield></datafield></record>